@article{Kogan:2012:MCF:2370036.2145835,
 author = {Kogan, Alex and Petrank, Erez},
 title = {A Methodology for Creating Fast Wait-free Data Structures},
 journal = {SIGPLAN Not.},
 issue_date = {August 2012},
 volume = {47},
 number = {8},
 month = feb,
 year = {2012},
 issn = {0362-1340},
 pages = {141--150},
 numpages = {10},
 doi = {10.1145/2370036.2145835},
 acmid = {2145835},
 publisher = {ACM},
 address = {New York, NY, USA},
 keywords = {concurrent data structures, lock-free algorithms, non-blocking synchronization, wait-free queues},
}

@article{Morrison:2013:FCQ:2517327.2442527,
 author = {Morrison, Adam and Afek, Yehuda},
 title = {Fast Concurrent Queues for x86 Processors},
 journal = {SIGPLAN Not.},
 issue_date = {August 2013},
 volume = {48},
 number = {8},
 month = feb,
 year = {2013},
 issn = {0362-1340},
 pages = {103--112},
 numpages = {10},
 doi = {10.1145/2517327.2442527},
 acmid = {2442527},
 publisher = {ACM},
 address = {New York, NY, USA},
 keywords = {concurrent queue, fetch-and-add, nonblocking algorithm},
}

@article{Yang:2016:WQF:3016078.2851168,
 author = {Yang, Chaoran and Mellor-Crummey, John},
 title = {A Wait-free Queue As Fast As Fetch-and-add},
 journal = {SIGPLAN Not.},
 issue_date = {August 2016},
 volume = {51},
 number = {8},
 month = feb,
 year = {2016},
 issn = {0362-1340},
 pages = {16:1--16:13},
 articleno = {16},
 numpages = {13},
 doi = {10.1145/3016078.2851168},
 acmid = {2851168},
 publisher = {ACM},
 address = {New York, NY, USA},
 keywords = {fast-path-slow-path, non-blocking queue, wait-free},
}

@INPROCEEDINGS{Michael96simple,
    author = {Maged M. Michael and Michael L. Scott},
    title = {Simple, Fast, and Practical Non-Blocking and Blocking Concurrent Queue Algorithms},
    booktitle = {Proc. 15th ACM Symp. on Principles of Distributed Computing},
    year = {1996},
    pages = {267--275}
}

@article{Fatourou:2012:RCS:2370036.2145849,
 author = {Fatourou, Panagiota and Kallimanis, Nikolaos D.},
 title = {Revisiting the Combining Synchronization Technique},
 journal = {SIGPLAN Not.},
 issue_date = {August 2012},
 volume = {47},
 number = {8},
 month = feb,
 year = {2012},
 issn = {0362-1340},
 pages = {257--266},
 numpages = {10},
 doi = {10.1145/2370036.2145849},
 acmid = {2145849},
 publisher = {ACM},
 address = {New York, NY, USA},
 keywords = {blocking algorithms, combining, concurrent data structures, hierarchical algorithms, synchronization techniques},
}

@inproceedings{David:2016:CSD:2935764.2935774,
 author = {David, Tudor and Guerraoui, Rachid},
 title = {Concurrent Search Data Structures Can Be Blocking and Practically Wait-Free},
 booktitle = {Proceedings of the 28th ACM Symposium on Parallelism in Algorithms and Architectures},
 series = {SPAA '16},
 year = {2016},
 isbn = {978-1-4503-4210-0},
 pages = {337--348},
 numpages = {12},
 doi = {10.1145/2935764.2935774},
 acmid = {2935774},
 publisher = {ACM},
 address = {New York, NY, USA},
 keywords = {concurrent search data structures, latency, scalability, wait-freedom},
}

@article{Alistarh:2016:LCA:2997039.2903136,
 author = {Alistarh, Dan and Censor-Hillel, Keren and Shavit, Nir},
 title = {Are Lock-Free Concurrent Algorithms Practically Wait-Free?},
 journal = {J. ACM},
 issue_date = {November 2016},
 volume = {63},
 number = {4},
 month = sep,
 year = {2016},
 issn = {0004-5411},
 pages = {31:1--31:20},
 articleno = {31},
 numpages = {20},
 doi = {10.1145/2903136},
 acmid = {2903136},
 publisher = {ACM},
 address = {New York, NY, USA},
 keywords = {Distributed computing, lock-free algorithms, progress properties, schedulers, shared memory, wait-free algorithms},
}
