@article{Herlihy:1991:WS:114005.102808,
 author = {Herlihy, Maurice},
 title = {Wait-free Synchronization},
 journal = {ACM Trans. Program. Lang. Syst.},
 issue_date = {Jan. 1991},
 volume = {13},
 number = {1},
 month = jan,
 year = {1991},
 issn = {0164-0925},
 pages = {124--149},
 numpages = {26},
 doi = {10.1145/114005.102808},
 acmid = {102808},
 publisher = {ACM},
 address = {New York, NY, USA},
 keywords = {linearization, wait-free synchronization},
}

@article{Kogan:2012:MCF:2370036.2145835,
 author = {Kogan, Alex and Petrank, Erez},
 title = {A Methodology for Creating Fast Wait-free Data Structures},
 journal = {SIGPLAN Not.},
 issue_date = {August 2012},
 volume = {47},
 number = {8},
 month = feb,
 year = {2012},
 issn = {0362-1340},
 pages = {141--150},
 numpages = {10},
 doi = {10.1145/2370036.2145835},
 acmid = {2145835},
 publisher = {ACM},
 address = {New York, NY, USA},
 keywords = {concurrent data structures, lock-free algorithms, non-blocking synchronization, wait-free queues},
}

@article{Morrison:2013:FCQ:2517327.2442527,
 author = {Morrison, Adam and Afek, Yehuda},
 title = {Fast Concurrent Queues for x86 Processors},
 journal = {SIGPLAN Not.},
 issue_date = {August 2013},
 volume = {48},
 number = {8},
 month = feb,
 year = {2013},
 issn = {0362-1340},
 pages = {103--112},
 numpages = {10},
 doi = {10.1145/2517327.2442527},
 acmid = {2442527},
 publisher = {ACM},
 address = {New York, NY, USA},
 keywords = {concurrent queue, fetch-and-add, nonblocking algorithm},
}

@article{Yang:2016:WQF:3016078.2851168,
 author = {Yang, Chaoran and Mellor-Crummey, John},
 title = {A Wait-free Queue As Fast As Fetch-and-add},
 journal = {SIGPLAN Not.},
 issue_date = {August 2016},
 volume = {51},
 number = {8},
 month = feb,
 year = {2016},
 issn = {0362-1340},
 pages = {16:1--16:13},
 articleno = {16},
 numpages = {13},
 doi = {10.1145/3016078.2851168},
 acmid = {2851168},
 publisher = {ACM},
 address = {New York, NY, USA},
 keywords = {fast-path-slow-path, non-blocking queue, wait-free},
}

@article{Herlihy:1990:LCC:78969.78972,
 author = {Herlihy, Maurice P. and Wing, Jeannette M.},
 title = {Linearizability: A Correctness Condition for Concurrent Objects},
 journal = {ACM Trans. Program. Lang. Syst.},
 issue_date = {July 1990},
 volume = {12},
 number = {3},
 month = jul,
 year = {1990},
 issn = {0164-0925},
 pages = {463--492},
 numpages = {30},
 doi = {10.1145/78969.78972},
 acmid = {78972},
 publisher = {ACM},
 address = {New York, NY, USA},
}
